CryptoCoin,Price,Date
BitCoin,"{'e': 'aggTrade', 'E': 1583600403466, 's': 'BTCUSDT', 'a': 236735968, 'p': '9032.58000000', 'q': '0.05486500', 'f': 258637102, 'l': 258637102, 'T': 1583600403465, 'm': False, 'M': True}",07/03/2020 20:00:03
CryptoCoin,Price,Date
BitCoin,"{'e': 'aggTrade', 'E': 1583600403517, 's': 'BTCUSDT', 'a': 236735969, 'p': '9032.47000000', 'q': '0.13373900', 'f': 258637103, 'l': 258637103, 'T': 1583600403516, 'm': False, 'M': True}",07/03/2020 20:00:03
CryptoCoin,Price,Date
BitCoin,"{'e': 'aggTrade', 'E': 1583600403517, 's': 'BTCUSDT', 'a': 236735970, 'p': '9032.56000000', 'q': '0.04647600', 'f': 258637104, 'l': 258637104, 'T': 1583600403516, 'm': False, 'M': True}",07/03/2020 20:00:03
CryptoCoin,Price,Date
BitCoin,"{'e': 'aggTrade', 'E': 1583600403674, 's': 'BTCUSDT', 'a': 236735971, 'p': '9032.40000000', 'q': '0.06042700', 'f': 258637105, 'l': 258637105, 'T': 1583600403673, 'm': False, 'M': True}",07/03/2020 20:00:03
CryptoCoin,Price,Date
BitCoin,"{'e': 'aggTrade', 'E': 1583600403703, 's': 'BTCUSDT', 'a': 236735972, 'p': '9030.91000000', 'q': '0.10042600', 'f': 258637106, 'l': 258637106, 'T': 1583600403701, 'm': True, 'M': True}",07/03/2020 20:00:03
CryptoCoin,Price,Date
BitCoin,"{'e': 'aggTrade', 'E': 1583600403724, 's': 'BTCUSDT', 'a': 236735973, 'p': '9032.38000000', 'q': '0.26056400', 'f': 258637107, 'l': 258637107, 'T': 1583600403723, 'm': False, 'M': True}",07/03/2020 20:00:03
CryptoCoin,Price,Date
BitCoin,"{'e': 'aggTrade', 'E': 1583600403725, 's': 'BTCUSDT', 'a': 236735974, 'p': '9032.39000000', 'q': '0.13028200', 'f': 258637108, 'l': 258637108, 'T': 1583600403723, 'm': False, 'M': True}",07/03/2020 20:00:03
CryptoCoin,Price,Date
BitCoin,"{'e': 'aggTrade', 'E': 1583600403725, 's': 'BTCUSDT', 'a': 236735975, 'p': '9032.45000000', 'q': '0.09915400', 'f': 258637109, 'l': 258637109, 'T': 1583600403723, 'm': False, 'M': True}",07/03/2020 20:00:03
CryptoCoin,Price,Date
BitCoin,"{'e': 'aggTrade', 'E': 1583600403836, 's': 'BTCUSDT', 'a': 236735976, 'p': '9032.35000000', 'q': '0.06065000', 'f': 258637110, 'l': 258637110, 'T': 1583600403835, 'm': False, 'M': True}",07/03/2020 20:00:03
CryptoCoin,Price,Date
BitCoin,"{'e': 'aggTrade', 'E': 1583600403945, 's': 'BTCUSDT', 'a': 236735977, 'p': '9031.03000000', 'q': '0.07928600', 'f': 258637111, 'l': 258637111, 'T': 1583600403944, 'm': True, 'M': True}",07/03/2020 20:00:03
CryptoCoin,Price,Date
BitCoin,"{'e': 'aggTrade', 'E': 1583600403990, 's': 'BTCUSDT', 'a': 236735978, 'p': '9032.25000000', 'q': '0.06107800', 'f': 258637112, 'l': 258637112, 'T': 1583600403989, 'm': False, 'M': True}",07/03/2020 20:00:03
CryptoCoin,Price,Date
BitCoin,"{'e': 'aggTrade', 'E': 1583600404153, 's': 'BTCUSDT', 'a': 236735979, 'p': '9032.16000000', 'q': '0.00663900', 'f': 258637113, 'l': 258637113, 'T': 1583600404152, 'm': False, 'M': True}",07/03/2020 20:00:04
CryptoCoin,Price,Date
BitCoin,"{'e': 'aggTrade', 'E': 1583600404153, 's': 'BTCUSDT', 'a': 236735980, 'p': '9032.17000000', 'q': '0.05527400', 'f': 258637114, 'l': 258637114, 'T': 1583600404152, 'm': False, 'M': True}",07/03/2020 20:00:04
CryptoCoin,Price,Date
BitCoin,"{'e': 'aggTrade', 'E': 1583600404310, 's': 'BTCUSDT', 'a': 236735981, 'p': '9032.16000000', 'q': '0.00221200', 'f': 258637115, 'l': 258637115, 'T': 1583600404308, 'm': False, 'M': True}",07/03/2020 20:00:04
CryptoCoin,Price,Date
BitCoin,"{'e': 'aggTrade', 'E': 1583600404310, 's': 'BTCUSDT', 'a': 236735982, 'p': '9032.17000000', 'q': '0.02597300', 'f': 258637116, 'l': 258637116, 'T': 1583600404308, 'm': False, 'M': True}",07/03/2020 20:00:04
CryptoCoin,Price,Date
BitCoin,"{'e': 'aggTrade', 'E': 1583600404310, 's': 'BTCUSDT', 'a': 236735983, 'p': '9032.22000000', 'q': '0.03304800', 'f': 258637117, 'l': 258637117, 'T': 1583600404308, 'm': False, 'M': True}",07/03/2020 20:00:04
CryptoCoin,Price,Date
BitCoin,"{'e': 'aggTrade', 'E': 1583600404336, 's': 'BTCUSDT', 'a': 236735984, 'p': '9032.22000000', 'q': '0.00447000', 'f': 258637118, 'l': 258637118, 'T': 1583600404334, 'm': False, 'M': True}",07/03/2020 20:00:04
CryptoCoin,Price,Date
BitCoin,"{'e': 'aggTrade', 'E': 1583600404467, 's': 'BTCUSDT', 'a': 236735985, 'p': '9032.19000000', 'q': '0.04240100', 'f': 258637119, 'l': 258637119, 'T': 1583600404465, 'm': False, 'M': True}",07/03/2020 20:00:04
CryptoCoin,Price,Date
BitCoin,"{'e': 'aggTrade', 'E': 1583600404467, 's': 'BTCUSDT', 'a': 236735986, 'p': '9032.22000000', 'q': '0.01789800', 'f': 258637120, 'l': 258637120, 'T': 1583600404465, 'm': False, 'M': True}",07/03/2020 20:00:04
CryptoCoin,Price,Date
BitCoin,"{'e': 'aggTrade', 'E': 1583600404558, 's': 'BTCUSDT', 'a': 236735987, 'p': '9031.11000000', 'q': '0.01227900', 'f': 258637121, 'l': 258637121, 'T': 1583600404557, 'm': True, 'M': True}",07/03/2020 20:00:04
CryptoCoin,Price,Date
BitCoin,"{'e': 'aggTrade', 'E': 1583600404634, 's': 'BTCUSDT', 'a': 236735988, 'p': '9032.94000000', 'q': '0.06138200', 'f': 258637122, 'l': 258637122, 'T': 1583600404633, 'm': False, 'M': True}",07/03/2020 20:00:04
CryptoCoin,Price,Date
BitCoin,"{'e': 'aggTrade', 'E': 1583600404843, 's': 'BTCUSDT', 'a': 236735989, 'p': '9032.75000000', 'q': '0.06127600', 'f': 258637123, 'l': 258637123, 'T': 1583600404841, 'm': False, 'M': True}",07/03/2020 20:00:04
CryptoCoin,Price,Date
BitCoin,"{'e': 'aggTrade', 'E': 1583600404843, 's': 'BTCUSDT', 'a': 236735990, 'p': '9032.76000000', 'q': '0.01283900', 'f': 258637124, 'l': 258637124, 'T': 1583600404841, 'm': False, 'M': True}",07/03/2020 20:00:04
CryptoCoin,Price,Date
BitCoin,"{'e': 'aggTrade', 'E': 1583600404888, 's': 'BTCUSDT', 'a': 236735991, 'p': '9031.25000000', 'q': '0.00220700', 'f': 258637125, 'l': 258637125, 'T': 1583600404886, 'm': True, 'M': True}",07/03/2020 20:00:04
CryptoCoin,Price,Date
BitCoin,"{'e': 'aggTrade', 'E': 1583600405006, 's': 'BTCUSDT', 'a': 236735992, 'p': '9032.56000000', 'q': '0.06039200', 'f': 258637126, 'l': 258637127, 'T': 1583600405004, 'm': False, 'M': True}",07/03/2020 20:00:04
CryptoCoin,Price,Date
BitCoin,"{'e': 'aggTrade', 'E': 1583600405103, 's': 'BTCUSDT', 'a': 236735993, 'p': '9032.52000000', 'q': '0.07770000', 'f': 258637128, 'l': 258637128, 'T': 1583600405102, 'm': False, 'M': True}",07/03/2020 20:00:04
CryptoCoin,Price,Date
BitCoin,"{'e': 'aggTrade', 'E': 1583600405165, 's': 'BTCUSDT', 'a': 236735994, 'p': '9032.52000000', 'q': '0.06107800', 'f': 258637129, 'l': 258637129, 'T': 1583600405164, 'm': False, 'M': True}",07/03/2020 20:00:04
CryptoCoin,Price,Date
BitCoin,"{'e': 'aggTrade', 'E': 1583600405187, 's': 'BTCUSDT', 'a': 236735995, 'p': '9032.52000000', 'q': '0.01000000', 'f': 258637130, 'l': 258637130, 'T': 1583600405185, 'm': False, 'M': True}",07/03/2020 20:00:04
CryptoCoin,Price,Date
BitCoin,"{'e': 'aggTrade', 'E': 1583600405200, 's': 'BTCUSDT', 'a': 236735996, 'p': '9031.30000000', 'q': '0.01731700', 'f': 258637131, 'l': 258637131, 'T': 1583600405198, 'm': True, 'M': True}",07/03/2020 20:00:04
CryptoCoin,Price,Date
BitCoin,"{'e': 'aggTrade', 'E': 1583600405269, 's': 'BTCUSDT', 'a': 236735997, 'p': '9032.35000000', 'q': '0.08192000', 'f': 258637132, 'l': 258637132, 'T': 1583600405268, 'm': True, 'M': True}",07/03/2020 20:00:05
CryptoCoin,Price,Date
BitCoin,"{'e': 'aggTrade', 'E': 1583600405273, 's': 'BTCUSDT', 'a': 236735998, 'p': '9032.35000000', 'q': '0.00000700', 'f': 258637133, 'l': 258637133, 'T': 1583600405271, 'm': True, 'M': True}",07/03/2020 20:00:05
CryptoCoin,Price,Date
BitCoin,"{'e': 'aggTrade', 'E': 1583600405312, 's': 'BTCUSDT', 'a': 236735999, 'p': '9031.35000000', 'q': '0.12766700', 'f': 258637134, 'l': 258637134, 'T': 1583600405310, 'm': True, 'M': True}",07/03/2020 20:00:05
CryptoCoin,Price,Date
BitCoin,"{'e': 'aggTrade', 'E': 1583600405312, 's': 'BTCUSDT', 'a': 236736000, 'p': '9031.25000000', 'q': '0.00000700', 'f': 258637135, 'l': 258637135, 'T': 1583600405310, 'm': True, 'M': True}",07/03/2020 20:00:05
CryptoCoin,Price,Date
BitCoin,"{'e': 'aggTrade', 'E': 1583600405320, 's': 'BTCUSDT', 'a': 236736001, 'p': '9032.16000000', 'q': '0.09046000', 'f': 258637136, 'l': 258637136, 'T': 1583600405319, 'm': True, 'M': True}",07/03/2020 20:00:05
CryptoCoin,Price,Date
BitCoin,"{'e': 'aggTrade', 'E': 1583600405325, 's': 'BTCUSDT', 'a': 236736002, 'p': '9032.16000000', 'q': '0.00230000', 'f': 258637137, 'l': 258637137, 'T': 1583600405323, 'm': True, 'M': True}",07/03/2020 20:00:05
CryptoCoin,Price,Date
BitCoin,"{'e': 'aggTrade', 'E': 1583600405340, 's': 'BTCUSDT', 'a': 236736003, 'p': '9032.48000000', 'q': '0.06058100', 'f': 258637138, 'l': 258637138, 'T': 1583600405339, 'm': False, 'M': True}",07/03/2020 20:00:05
CryptoCoin,Price,Date
BitCoin,"{'e': 'aggTrade', 'E': 1583600405340, 's': 'BTCUSDT', 'a': 236736004, 'p': '9032.16000000', 'q': '0.07883000', 'f': 258637139, 'l': 258637139, 'T': 1583600405339, 'm': True, 'M': True}",07/03/2020 20:00:05
CryptoCoin,Price,Date
BitCoin,"{'e': 'aggTrade', 'E': 1583600405348, 's': 'BTCUSDT', 'a': 236736005, 'p': '9032.16000000', 'q': '0.00000200', 'f': 258637140, 'l': 258637140, 'T': 1583600405347, 'm': True, 'M': True}",07/03/2020 20:00:05
CryptoCoin,Price,Date
BitCoin,"{'e': 'aggTrade', 'E': 1583600405434, 's': 'BTCUSDT', 'a': 236736006, 'p': '9030.85000000', 'q': '0.04553300', 'f': 258637141, 'l': 258637141, 'T': 1583600405432, 'm': True, 'M': True}",07/03/2020 20:00:05
CryptoCoin,Price,Date
BitCoin,"{'e': 'aggTrade', 'E': 1583600405528, 's': 'BTCUSDT', 'a': 236736007, 'p': '9030.91000000', 'q': '0.04649900', 'f': 258637142, 'l': 258637142, 'T': 1583600405527, 'm': True, 'M': True}",07/03/2020 20:00:05
CryptoCoin,Price,Date
BitCoin,"{'e': 'aggTrade', 'E': 1583600405538, 's': 'BTCUSDT', 'a': 236736008, 'p': '9030.92000000', 'q': '0.05445100', 'f': 258637143, 'l': 258637143, 'T': 1583600405536, 'm': True, 'M': True}",07/03/2020 20:00:05
CryptoCoin,Price,Date
BitCoin,"{'e': 'aggTrade', 'E': 1583600405551, 's': 'BTCUSDT', 'a': 236736009, 'p': '9030.84000000', 'q': '0.00221400', 'f': 258637144, 'l': 258637144, 'T': 1583600405549, 'm': True, 'M': True}",07/03/2020 20:00:05
CryptoCoin,Price,Date
BitCoin,"{'e': 'aggTrade', 'E': 1583600405551, 's': 'BTCUSDT', 'a': 236736010, 'p': '9030.80000000', 'q': '0.00845100', 'f': 258637145, 'l': 258637145, 'T': 1583600405549, 'm': True, 'M': True}",07/03/2020 20:00:05
CryptoCoin,Price,Date
BitCoin,"{'e': 'aggTrade', 'E': 1583600405607, 's': 'BTCUSDT', 'a': 236736011, 'p': '9032.41000000', 'q': '0.01870500', 'f': 258637146, 'l': 258637146, 'T': 1583600405605, 'm': False, 'M': True}",07/03/2020 20:00:05
CryptoCoin,Price,Date
BitCoin,"{'e': 'aggTrade', 'E': 1583600405607, 's': 'BTCUSDT', 'a': 236736012, 'p': '9032.44000000', 'q': '0.08019400', 'f': 258637147, 'l': 258637147, 'T': 1583600405605, 'm': False, 'M': True}",07/03/2020 20:00:05
CryptoCoin,Price,Date
BitCoin,"{'e': 'aggTrade', 'E': 1583600405686, 's': 'BTCUSDT', 'a': 236736013, 'p': '9030.96000000', 'q': '0.03186700', 'f': 258637148, 'l': 258637148, 'T': 1583600405684, 'm': True, 'M': True}",07/03/2020 20:00:05
CryptoCoin,Price,Date
BitCoin,"{'e': 'aggTrade', 'E': 1583600405777, 's': 'BTCUSDT', 'a': 236736014, 'p': '9032.44000000', 'q': '0.00754000', 'f': 258637149, 'l': 258637149, 'T': 1583600405775, 'm': False, 'M': True}",07/03/2020 20:00:05
CryptoCoin,Price,Date
BitCoin,"{'e': 'aggTrade', 'E': 1583600405777, 's': 'BTCUSDT', 'a': 236736015, 'p': '9032.46000000', 'q': '0.00220700', 'f': 258637150, 'l': 258637150, 'T': 1583600405775, 'm': False, 'M': True}",07/03/2020 20:00:05
CryptoCoin,Price,Date
BitCoin,"{'e': 'aggTrade', 'E': 1583600405777, 's': 'BTCUSDT', 'a': 236736016, 'p': '9032.47000000', 'q': '0.05109600', 'f': 258637151, 'l': 258637151, 'T': 1583600405775, 'm': False, 'M': True}",07/03/2020 20:00:05
CryptoCoin,Price,Date
BitCoin,"{'e': 'aggTrade', 'E': 1583600405864, 's': 'BTCUSDT', 'a': 236736017, 'p': '9031.04000000', 'q': '0.19950000', 'f': 258637152, 'l': 258637152, 'T': 1583600405862, 'm': True, 'M': True}",07/03/2020 20:00:05
CryptoCoin,Price,Date
BitCoin,"{'e': 'aggTrade', 'E': 1583600405864, 's': 'BTCUSDT', 'a': 236736018, 'p': '9030.81000000', 'q': '0.19903100', 'f': 258637153, 'l': 258637153, 'T': 1583600405862, 'm': True, 'M': True}",07/03/2020 20:00:05
CryptoCoin,Price,Date
BitCoin,"{'e': 'aggTrade', 'E': 1583600405948, 's': 'BTCUSDT', 'a': 236736019, 'p': '9032.44000000', 'q': '0.06008100', 'f': 258637154, 'l': 258637154, 'T': 1583600405946, 'm': False, 'M': True}",07/03/2020 20:00:05
CryptoCoin,Price,Date
BitCoin,"{'e': 'aggTrade', 'E': 1583600406120, 's': 'BTCUSDT', 'a': 236736020, 'p': '9032.35000000', 'q': '0.06037300', 'f': 258637155, 'l': 258637155, 'T': 1583600406119, 'm': False, 'M': True}",07/03/2020 20:00:05
CryptoCoin,Price,Date
BitCoin,"{'e': 'aggTrade', 'E': 1583600406370, 's': 'BTCUSDT', 'a': 236736021, 'p': '9030.84000000', 'q': '0.13455300', 'f': 258637156, 'l': 258637156, 'T': 1583600406369, 'm': True, 'M': True}",07/03/2020 20:00:06
CryptoCoin,Price,Date
BitCoin,"{'e': 'aggTrade', 'E': 1583600406370, 's': 'BTCUSDT', 'a': 236736022, 'p': '9030.83000000', 'q': '0.13275000', 'f': 258637157, 'l': 258637157, 'T': 1583600406369, 'm': True, 'M': True}",07/03/2020 20:00:06
CryptoCoin,Price,Date
BitCoin,"{'e': 'aggTrade', 'E': 1583600406370, 's': 'BTCUSDT', 'a': 236736023, 'p': '9030.82000000', 'q': '0.00221400', 'f': 258637158, 'l': 258637158, 'T': 1583600406369, 'm': True, 'M': True}",07/03/2020 20:00:06
CryptoCoin,Price,Date
BitCoin,"{'e': 'aggTrade', 'E': 1583600406370, 's': 'BTCUSDT', 'a': 236736024, 'p': '9030.77000000', 'q': '0.03719500', 'f': 258637159, 'l': 258637159, 'T': 1583600406369, 'm': True, 'M': True}",07/03/2020 20:00:06
CryptoCoin,Price,Date
BitCoin,"{'e': 'aggTrade', 'E': 1583600406385, 's': 'BTCUSDT', 'a': 236736025, 'p': '9032.31000000', 'q': '0.09466700', 'f': 258637160, 'l': 258637160, 'T': 1583600406384, 'm': False, 'M': True}",07/03/2020 20:00:06
CryptoCoin,Price,Date
BitCoin,"{'e': 'aggTrade', 'E': 1583600406411, 's': 'BTCUSDT', 'a': 236736026, 'p': '9030.86000000', 'q': '0.12611100', 'f': 258637161, 'l': 258637161, 'T': 1583600406409, 'm': True, 'M': True}",07/03/2020 20:00:06
CryptoCoin,Price,Date
BitCoin,"{'e': 'aggTrade', 'E': 1583600406411, 's': 'BTCUSDT', 'a': 236736027, 'p': '9030.79000000', 'q': '0.21600000', 'f': 258637162, 'l': 258637162, 'T': 1583600406409, 'm': True, 'M': True}",07/03/2020 20:00:06
CryptoCoin,Price,Date
BitCoin,"{'e': 'aggTrade', 'E': 1583600406411, 's': 'BTCUSDT', 'a': 236736028, 'p': '9030.76000000', 'q': '1.84467100', 'f': 258637163, 'l': 258637163, 'T': 1583600406409, 'm': True, 'M': True}",07/03/2020 20:00:06
CryptoCoin,Price,Date
BitCoin,"{'e': 'aggTrade', 'E': 1583600406441, 's': 'BTCUSDT', 'a': 236736029, 'p': '9030.82000000', 'q': '0.07683100', 'f': 258637164, 'l': 258637164, 'T': 1583600406440, 'm': True, 'M': True}",07/03/2020 20:00:06
CryptoCoin,Price,Date
BitCoin,"{'e': 'aggTrade', 'E': 1583600406441, 's': 'BTCUSDT', 'a': 236736030, 'p': '9030.81000000', 'q': '0.03116900', 'f': 258637165, 'l': 258637165, 'T': 1583600406440, 'm': True, 'M': True}",07/03/2020 20:00:06
CryptoCoin,Price,Date
BitCoin,"{'e': 'aggTrade', 'E': 1583600406443, 's': 'BTCUSDT', 'a': 236736031, 'p': '9030.81000000', 'q': '0.07683100', 'f': 258637166, 'l': 258637166, 'T': 1583600406442, 'm': True, 'M': True}",07/03/2020 20:00:06
CryptoCoin,Price,Date
BitCoin,"{'e': 'aggTrade', 'E': 1583600406443, 's': 'BTCUSDT', 'a': 236736032, 'p': '9030.76000000', 'q': '1.17316900', 'f': 258637167, 'l': 258637167, 'T': 1583600406442, 'm': True, 'M': True}",07/03/2020 20:00:06
CryptoCoin,Price,Date
BitCoin,"{'e': 'aggTrade', 'E': 1583600406446, 's': 'BTCUSDT', 'a': 236736033, 'p': '9030.87000000', 'q': '0.07500000', 'f': 258637168, 'l': 258637168, 'T': 1583600406444, 'm': True, 'M': True}",07/03/2020 20:00:06
CryptoCoin,Price,Date
BitCoin,"{'e': 'aggTrade', 'E': 1583600406446, 's': 'BTCUSDT', 'a': 236736034, 'p': '9030.76000000', 'q': '1.17500000', 'f': 258637169, 'l': 258637169, 'T': 1583600406444, 'm': True, 'M': True}",07/03/2020 20:00:06
CryptoCoin,Price,Date
BitCoin,"{'e': 'aggTrade', 'E': 1583600406447, 's': 'BTCUSDT', 'a': 236736035, 'p': '9030.76000000', 'q': '0.65533000', 'f': 258637170, 'l': 258637170, 'T': 1583600406445, 'm': True, 'M': True}",07/03/2020 20:00:06
CryptoCoin,Price,Date
BitCoin,"{'e': 'aggTrade', 'E': 1583600406456, 's': 'BTCUSDT', 'a': 236736036, 'p': '9030.76000000', 'q': '0.06870000', 'f': 258637171, 'l': 258637171, 'T': 1583600406455, 'm': True, 'M': True}",07/03/2020 20:00:06
CryptoCoin,Price,Date
BitCoin,"{'e': 'aggTrade', 'E': 1583600406460, 's': 'BTCUSDT', 'a': 236736037, 'p': '9030.77000000', 'q': '0.18300000', 'f': 258637172, 'l': 258637172, 'T': 1583600406457, 'm': True, 'M': True}",07/03/2020 20:00:06
CryptoCoin,Price,Date
BitCoin,"{'e': 'aggTrade', 'E': 1583600406460, 's': 'BTCUSDT', 'a': 236736038, 'p': '9030.76000000', 'q': '0.08313000', 'f': 258637173, 'l': 258637173, 'T': 1583600406457, 'm': True, 'M': True}",07/03/2020 20:00:06
CryptoCoin,Price,Date
BitCoin,"{'e': 'aggTrade', 'E': 1583600406460, 's': 'BTCUSDT', 'a': 236736039, 'p': '9030.37000000', 'q': '0.18740000', 'f': 258637174, 'l': 258637174, 'T': 1583600406457, 'm': True, 'M': True}",07/03/2020 20:00:06
CryptoCoin,Price,Date
BitCoin,"{'e': 'aggTrade', 'E': 1583600406460, 's': 'BTCUSDT', 'a': 236736040, 'p': '9030.36000000', 'q': '0.06870000', 'f': 258637175, 'l': 258637184, 'T': 1583600406457, 'm': True, 'M': True}",07/03/2020 20:00:06
CryptoCoin,Price,Date
BitCoin,"{'e': 'aggTrade', 'E': 1583600406460, 's': 'BTCUSDT', 'a': 236736041, 'p': '9030.32000000', 'q': '0.02500000', 'f': 258637185, 'l': 258637185, 'T': 1583600406457, 'm': True, 'M': True}",07/03/2020 20:00:06
CryptoCoin,Price,Date
BitCoin,"{'e': 'aggTrade', 'E': 1583600406460, 's': 'BTCUSDT', 'a': 236736042, 'p': '9030.01000000', 'q': '0.00135000', 'f': 258637186, 'l': 258637186, 'T': 1583600406457, 'm': True, 'M': True}",07/03/2020 20:00:06
CryptoCoin,Price,Date
BitCoin,"{'e': 'aggTrade', 'E': 1583600406462, 's': 'BTCUSDT', 'a': 236736043, 'p': '9030.83000000', 'q': '0.06233800', 'f': 258637187, 'l': 258637187, 'T': 1583600406460, 'm': True, 'M': True}",07/03/2020 20:00:06
CryptoCoin,Price,Date
BitCoin,"{'e': 'aggTrade', 'E': 1583600406462, 's': 'BTCUSDT', 'a': 236736044, 'p': '9030.01000000', 'q': '0.49865000', 'f': 258637188, 'l': 258637188, 'T': 1583600406460, 'm': True, 'M': True}",07/03/2020 20:00:06
CryptoCoin,Price,Date
BitCoin,"{'e': 'aggTrade', 'E': 1583600406462, 's': 'BTCUSDT', 'a': 236736045, 'p': '9030.00000000', 'q': '0.43901200', 'f': 258637189, 'l': 258637189, 'T': 1583600406460, 'm': True, 'M': True}",07/03/2020 20:00:06
CryptoCoin,Price,Date
BitCoin,"{'e': 'aggTrade', 'E': 1583600406463, 's': 'BTCUSDT', 'a': 236736046, 'p': '9030.00000000', 'q': '0.10956400', 'f': 258637190, 'l': 258637191, 'T': 1583600406460, 'm': True, 'M': True}",07/03/2020 20:00:06
CryptoCoin,Price,Date
BitCoin,"{'e': 'aggTrade', 'E': 1583600406466, 's': 'BTCUSDT', 'a': 236736047, 'p': '9029.86000000', 'q': '0.27292000', 'f': 258637192, 'l': 258637192, 'T': 1583600406464, 'm': True, 'M': True}",07/03/2020 20:00:06
CryptoCoin,Price,Date
BitCoin,"{'e': 'aggTrade', 'E': 1583600406510, 's': 'BTCUSDT', 'a': 236736048, 'p': '9029.88000000', 'q': '0.00834000', 'f': 258637193, 'l': 258637193, 'T': 1583600406509, 'm': True, 'M': True}",07/03/2020 20:00:06
CryptoCoin,Price,Date
BitCoin,"{'e': 'aggTrade', 'E': 1583600406541, 's': 'BTCUSDT', 'a': 236736049, 'p': '9029.89000000', 'q': '0.39000000', 'f': 258637194, 'l': 258637194, 'T': 1583600406540, 'm': True, 'M': True}",07/03/2020 20:00:06
CryptoCoin,Price,Date
BitCoin,"{'e': 'aggTrade', 'E': 1583600406541, 's': 'BTCUSDT', 'a': 236736050, 'p': '9029.86000000', 'q': '0.12473000', 'f': 258637195, 'l': 258637195, 'T': 1583600406540, 'm': True, 'M': True}",07/03/2020 20:00:06
CryptoCoin,Price,Date
BitCoin,"{'e': 'aggTrade', 'E': 1583600406543, 's': 'BTCUSDT', 'a': 236736051, 'p': '9030.00000000', 'q': '0.06052100', 'f': 258637196, 'l': 258637196, 'T': 1583600406542, 'm': False, 'M': True}",07/03/2020 20:00:06
CryptoCoin,Price,Date
BitCoin,"{'e': 'aggTrade', 'E': 1583600406545, 's': 'BTCUSDT', 'a': 236736052, 'p': '9029.86000000', 'q': '0.18277000', 'f': 258637197, 'l': 258637197, 'T': 1583600406543, 'm': True, 'M': True}",07/03/2020 20:00:06
CryptoCoin,Price,Date
BitCoin,"{'e': 'aggTrade', 'E': 1583600406545, 's': 'BTCUSDT', 'a': 236736053, 'p': '9029.85000000', 'q': '0.31723000', 'f': 258637198, 'l': 258637198, 'T': 1583600406543, 'm': True, 'M': True}",07/03/2020 20:00:06
CryptoCoin,Price,Date
BitCoin,"{'e': 'aggTrade', 'E': 1583600406555, 's': 'BTCUSDT', 'a': 236736054, 'p': '9029.85000000', 'q': '0.01483000', 'f': 258637199, 'l': 258637199, 'T': 1583600406553, 'm': True, 'M': True}",07/03/2020 20:00:06
CryptoCoin,Price,Date
BitCoin,"{'e': 'aggTrade', 'E': 1583600406598, 's': 'BTCUSDT', 'a': 236736055, 'p': '9029.99000000', 'q': '0.00587400', 'f': 258637200, 'l': 258637200, 'T': 1583600406597, 'm': False, 'M': True}",07/03/2020 20:00:06
CryptoCoin,Price,Date
BitCoin,"{'e': 'aggTrade', 'E': 1583600406645, 's': 'BTCUSDT', 'a': 236736056, 'p': '9029.85000000', 'q': '0.66794000', 'f': 258637201, 'l': 258637201, 'T': 1583600406643, 'm': True, 'M': True}",07/03/2020 20:00:06
CryptoCoin,Price,Date
BitCoin,"{'e': 'aggTrade', 'E': 1583600406692, 's': 'BTCUSDT', 'a': 236736057, 'p': '9029.98000000', 'q': '0.00642800', 'f': 258637202, 'l': 258637202, 'T': 1583600406690, 'm': False, 'M': True}",07/03/2020 20:00:06
CryptoCoin,Price,Date
BitCoin,"{'e': 'aggTrade', 'E': 1583600406702, 's': 'BTCUSDT', 'a': 236736058, 'p': '9029.98000000', 'q': '0.06061600', 'f': 258637203, 'l': 258637203, 'T': 1583600406701, 'm': False, 'M': True}",07/03/2020 20:00:06
CryptoCoin,Price,Date
BitCoin,"{'e': 'aggTrade', 'E': 1583600406775, 's': 'BTCUSDT', 'a': 236736059, 'p': '9029.97000000', 'q': '0.60000000', 'f': 258637204, 'l': 258637204, 'T': 1583600406774, 'm': False, 'M': True}",07/03/2020 20:00:06
CryptoCoin,Price,Date
BitCoin,"{'e': 'aggTrade', 'E': 1583600406779, 's': 'BTCUSDT', 'a': 236736060, 'p': '9029.84000000', 'q': '0.27292400', 'f': 258637205, 'l': 258637205, 'T': 1583600406777, 'm': True, 'M': True}",07/03/2020 20:00:06
CryptoCoin,Price,Date
BitCoin,"{'e': 'aggTrade', 'E': 1583600406801, 's': 'BTCUSDT', 'a': 236736061, 'p': '9029.97000000', 'q': '0.00602600', 'f': 258637206, 'l': 258637206, 'T': 1583600406799, 'm': False, 'M': True}",07/03/2020 20:00:06
CryptoCoin,Price,Date
BitCoin,"{'e': 'aggTrade', 'E': 1583600406865, 's': 'BTCUSDT', 'a': 236736062, 'p': '9029.96000000', 'q': '0.06014500', 'f': 258637207, 'l': 258637207, 'T': 1583600406863, 'm': False, 'M': True}",07/03/2020 20:00:06
CryptoCoin,Price,Date
BitCoin,"{'e': 'aggTrade', 'E': 1583600406872, 's': 'BTCUSDT', 'a': 236736063, 'p': '9029.47000000', 'q': '0.00834200', 'f': 258637208, 'l': 258637208, 'T': 1583600406871, 'm': True, 'M': True}",07/03/2020 20:00:06
CryptoCoin,Price,Date
BitCoin,"{'e': 'aggTrade', 'E': 1583600406904, 's': 'BTCUSDT', 'a': 236736064, 'p': '9028.78000000', 'q': '0.03072200', 'f': 258637209, 'l': 258637209, 'T': 1583600406903, 'm': True, 'M': True}",07/03/2020 20:00:06
CryptoCoin,Price,Date
BitCoin,"{'e': 'aggTrade', 'E': 1583600407014, 's': 'BTCUSDT', 'a': 236736065, 'p': '9029.94000000', 'q': '0.01000000', 'f': 258637210, 'l': 258637210, 'T': 1583600407012, 'm': False, 'M': True}",07/03/2020 20:00:06
CryptoCoin,Price,Date
BitCoin,"{'e': 'aggTrade', 'E': 1583600407018, 's': 'BTCUSDT', 'a': 236736066, 'p': '9029.94000000', 'q': '0.06075700', 'f': 258637211, 'l': 258637211, 'T': 1583600407016, 'm': False, 'M': True}",07/03/2020 20:00:06
CryptoCoin,Price,Date
BitCoin,"{'e': 'aggTrade', 'E': 1583600407019, 's': 'BTCUSDT', 'a': 236736067, 'p': '9029.94000000', 'q': '0.03026100', 'f': 258637212, 'l': 258637212, 'T': 1583600407018, 'm': False, 'M': True}",07/03/2020 20:00:06
CryptoCoin,Price,Date
BitCoin,"{'e': 'aggTrade', 'E': 1583600407138, 's': 'BTCUSDT', 'a': 236736068, 'p': '9029.91000000', 'q': '0.03026100', 'f': 258637213, 'l': 258637213, 'T': 1583600407137, 'm': False, 'M': True}",07/03/2020 20:00:07
CryptoCoin,Price,Date
BitCoin,"{'e': 'aggTrade', 'E': 1583600407177, 's': 'BTCUSDT', 'a': 236736069, 'p': '9029.90000000', 'q': '0.06049400', 'f': 258637214, 'l': 258637214, 'T': 1583600407175, 'm': False, 'M': True}",07/03/2020 20:00:07
CryptoCoin,Price,Date
BitCoin,"{'e': 'aggTrade', 'E': 1583600407248, 's': 'BTCUSDT', 'a': 236736070, 'p': '9029.89000000', 'q': '0.00344500', 'f': 258637215, 'l': 258637215, 'T': 1583600407247, 'm': False, 'M': True}",07/03/2020 20:00:07
CryptoCoin,Price,Date
BitCoin,"{'e': 'aggTrade', 'E': 1583600407344, 's': 'BTCUSDT', 'a': 236736071, 'p': '9029.89000000', 'q': '0.06162100', 'f': 258637216, 'l': 258637216, 'T': 1583600407342, 'm': False, 'M': True}",07/03/2020 20:00:07
CryptoCoin,Price,Date
BitCoin,"{'e': 'aggTrade', 'E': 1583600407496, 's': 'BTCUSDT', 'a': 236736072, 'p': '9029.95000000', 'q': '0.06000300', 'f': 258637217, 'l': 258637217, 'T': 1583600407495, 'm': False, 'M': True}",07/03/2020 20:00:07
CryptoCoin,Price,Date
BitCoin,"{'e': 'aggTrade', 'E': 1583600407546, 's': 'BTCUSDT', 'a': 236736073, 'p': '9029.89000000', 'q': '0.02213900', 'f': 258637218, 'l': 258637218, 'T': 1583600407544, 'm': False, 'M': True}",07/03/2020 20:00:07
CryptoCoin,Price,Date
BitCoin,"{'e': 'aggTrade', 'E': 1583600407656, 's': 'BTCUSDT', 'a': 236736074, 'p': '9029.88000000', 'q': '0.06001200', 'f': 258637219, 'l': 258637219, 'T': 1583600407654, 'm': False, 'M': True}",07/03/2020 20:00:07
CryptoCoin,Price,Date
BitCoin,"{'e': 'aggTrade', 'E': 1583600407826, 's': 'BTCUSDT', 'a': 236736075, 'p': '9029.89000000', 'q': '0.00992400', 'f': 258637220, 'l': 258637220, 'T': 1583600407824, 'm': False, 'M': True}",07/03/2020 20:00:07
CryptoCoin,Price,Date
BitCoin,"{'e': 'aggTrade', 'E': 1583600407826, 's': 'BTCUSDT', 'a': 236736076, 'p': '9029.95000000', 'q': '0.05022100', 'f': 258637221, 'l': 258637221, 'T': 1583600407824, 'm': False, 'M': True}",07/03/2020 20:00:07
CryptoCoin,Price,Date
BitCoin,"{'e': 'aggTrade', 'E': 1583600407921, 's': 'BTCUSDT', 'a': 236736077, 'p': '9028.84000000', 'q': '0.01583600', 'f': 258637222, 'l': 258637222, 'T': 1583600407920, 'm': True, 'M': True}",07/03/2020 20:00:07
CryptoCoin,Price,Date
BitCoin,"{'e': 'aggTrade', 'E': 1583600407931, 's': 'BTCUSDT', 'a': 236736078, 'p': '9028.84000000', 'q': '0.07464900', 'f': 258637223, 'l': 258637223, 'T': 1583600407929, 'm': True, 'M': True}",07/03/2020 20:00:07
CryptoCoin,Price,Date
BitCoin,"{'e': 'aggTrade', 'E': 1583600407931, 's': 'BTCUSDT', 'a': 236736079, 'p': '9028.83000000', 'q': '0.05032800', 'f': 258637224, 'l': 258637224, 'T': 1583600407929, 'm': True, 'M': True}",07/03/2020 20:00:07
CryptoCoin,Price,Date
BitCoin,"{'e': 'aggTrade', 'E': 1583600407981, 's': 'BTCUSDT', 'a': 236736080, 'p': '9029.90000000', 'q': '0.06009300', 'f': 258637225, 'l': 258637225, 'T': 1583600407980, 'm': False, 'M': True}",07/03/2020 20:00:07
CryptoCoin,Price,Date
BitCoin,"{'e': 'aggTrade', 'E': 1583600408149, 's': 'BTCUSDT', 'a': 236736081, 'p': '9029.87000000', 'q': '0.06011900', 'f': 258637226, 'l': 258637226, 'T': 1583600408148, 'm': False, 'M': True}",07/03/2020 20:00:08
CryptoCoin,Price,Date
BitCoin,"{'e': 'aggTrade', 'E': 1583600408174, 's': 'BTCUSDT', 'a': 236736082, 'p': '9028.73000000', 'q': '0.00911100', 'f': 258637227, 'l': 258637227, 'T': 1583600408171, 'm': True, 'M': True}",07/03/2020 20:00:08
CryptoCoin,Price,Date
BitCoin,"{'e': 'aggTrade', 'E': 1583600408204, 's': 'BTCUSDT', 'a': 236736083, 'p': '9029.82000000', 'q': '0.01658600', 'f': 258637228, 'l': 258637228, 'T': 1583600408202, 'm': False, 'M': True}",07/03/2020 20:00:08
CryptoCoin,Price,Date
BitCoin,"{'e': 'aggTrade', 'E': 1583600408314, 's': 'BTCUSDT', 'a': 236736084, 'p': '9029.74000000', 'q': '0.06022300', 'f': 258637229, 'l': 258637229, 'T': 1583600408312, 'm': False, 'M': True}",07/03/2020 20:00:08
CryptoCoin,Price,Date
BitCoin,"{'e': 'aggTrade', 'E': 1583600408343, 's': 'BTCUSDT', 'a': 236736085, 'p': '9028.73000000', 'q': '0.05150800', 'f': 258637230, 'l': 258637230, 'T': 1583600408341, 'm': True, 'M': True}",07/03/2020 20:00:08
CryptoCoin,Price,Date
BitCoin,"{'e': 'aggTrade', 'E': 1583600408362, 's': 'BTCUSDT', 'a': 236736086, 'p': '9028.73000000', 'q': '0.03731000', 'f': 258637231, 'l': 258637231, 'T': 1583600408360, 'm': True, 'M': True}",07/03/2020 20:00:08
CryptoCoin,Price,Date
BitCoin,"{'e': 'aggTrade', 'E': 1583600408362, 's': 'BTCUSDT', 'a': 236736087, 'p': '9028.61000000', 'q': '0.01483000', 'f': 258637232, 'l': 258637232, 'T': 1583600408361, 'm': True, 'M': True}",07/03/2020 20:00:08
CryptoCoin,Price,Date
BitCoin,"{'e': 'aggTrade', 'E': 1583600408375, 's': 'BTCUSDT', 'a': 236736088, 'p': '9028.61000000', 'q': '0.00000300', 'f': 258637233, 'l': 258637233, 'T': 1583600408374, 'm': True, 'M': True}",07/03/2020 20:00:08
CryptoCoin,Price,Date
BitCoin,"{'e': 'aggTrade', 'E': 1583600408375, 's': 'BTCUSDT', 'a': 236736089, 'p': '9028.29000000', 'q': '0.00442700', 'f': 258637234, 'l': 258637234, 'T': 1583600408374, 'm': True, 'M': True}",07/03/2020 20:00:08
CryptoCoin,Price,Date
BitCoin,"{'e': 'aggTrade', 'E': 1583600408378, 's': 'BTCUSDT', 'a': 236736090, 'p': '9028.29000000', 'q': '0.06474400', 'f': 258637235, 'l': 258637235, 'T': 1583600408377, 'm': True, 'M': True}",07/03/2020 20:00:08
CryptoCoin,Price,Date
BitCoin,"{'e': 'aggTrade', 'E': 1583600408468, 's': 'BTCUSDT', 'a': 236736091, 'p': '9028.22000000', 'q': '0.00443000', 'f': 258637236, 'l': 258637236, 'T': 1583600408466, 'm': True, 'M': True}",07/03/2020 20:00:08
CryptoCoin,Price,Date
BitCoin,"{'e': 'aggTrade', 'E': 1583600408468, 's': 'BTCUSDT', 'a': 236736092, 'p': '9027.80000000', 'q': '0.00557000', 'f': 258637237, 'l': 258637237, 'T': 1583600408466, 'm': True, 'M': True}",07/03/2020 20:00:08
CryptoCoin,Price,Date
BitCoin,"{'e': 'aggTrade', 'E': 1583600408472, 's': 'BTCUSDT', 'a': 236736093, 'p': '9029.59000000', 'q': '0.06066900', 'f': 258637238, 'l': 258637238, 'T': 1583600408471, 'm': False, 'M': True}",07/03/2020 20:00:08
CryptoCoin,Price,Date
BitCoin,"{'e': 'aggTrade', 'E': 1583600408596, 's': 'BTCUSDT', 'a': 236736094, 'p': '9027.84000000', 'q': '0.01200000', 'f': 258637239, 'l': 258637239, 'T': 1583600408594, 'm': True, 'M': True}",07/03/2020 20:00:08
CryptoCoin,Price,Date
BitCoin,"{'e': 'aggTrade', 'E': 1583600408615, 's': 'BTCUSDT', 'a': 236736095, 'p': '9027.84000000', 'q': '0.05150000', 'f': 258637240, 'l': 258637240, 'T': 1583600408614, 'm': True, 'M': True}",07/03/2020 20:00:08
CryptoCoin,Price,Date
BitCoin,"{'e': 'aggTrade', 'E': 1583600408618, 's': 'BTCUSDT', 'a': 236736096, 'p': '9027.84000000', 'q': '0.00000500', 'f': 258637241, 'l': 258637241, 'T': 1583600408616, 'm': True, 'M': True}",07/03/2020 20:00:08
CryptoCoin,Price,Date
BitCoin,"{'e': 'aggTrade', 'E': 1583600408618, 's': 'BTCUSDT', 'a': 236736097, 'p': '9027.81000000', 'q': '0.00221400', 'f': 258637242, 'l': 258637242, 'T': 1583600408616, 'm': True, 'M': True}",07/03/2020 20:00:08
CryptoCoin,Price,Date
BitCoin,"{'e': 'aggTrade', 'E': 1583600408618, 's': 'BTCUSDT', 'a': 236736098, 'p': '9027.72000000', 'q': '0.27468100', 'f': 258637243, 'l': 258637243, 'T': 1583600408616, 'm': True, 'M': True}",07/03/2020 20:00:08
CryptoCoin,Price,Date
BitCoin,"{'e': 'aggTrade', 'E': 1583600408621, 's': 'BTCUSDT', 'a': 236736099, 'p': '9027.72000000', 'q': '0.00221500', 'f': 258637244, 'l': 258637244, 'T': 1583600408618, 'm': True, 'M': True}",07/03/2020 20:00:08
CryptoCoin,Price,Date
BitCoin,"{'e': 'aggTrade', 'E': 1583600408621, 's': 'BTCUSDT', 'a': 236736100, 'p': '9027.52000000', 'q': '0.03643500', 'f': 258637245, 'l': 258637245, 'T': 1583600408618, 'm': True, 'M': True}",07/03/2020 20:00:08
CryptoCoin,Price,Date
BitCoin,"{'e': 'aggTrade', 'E': 1583600408622, 's': 'BTCUSDT', 'a': 236736101, 'p': '9027.52000000', 'q': '0.00221900', 'f': 258637246, 'l': 258637246, 'T': 1583600408621, 'm': True, 'M': True}",07/03/2020 20:00:08
CryptoCoin,Price,Date
BitCoin,"{'e': 'aggTrade', 'E': 1583600408635, 's': 'BTCUSDT', 'a': 236736102, 'p': '9027.19000000', 'q': '0.01453500', 'f': 258637247, 'l': 258637247, 'T': 1583600408633, 'm': True, 'M': True}",07/03/2020 20:00:08
CryptoCoin,Price,Date
BitCoin,"{'e': 'aggTrade', 'E': 1583600408642, 's': 'BTCUSDT', 'a': 236736103, 'p': '9029.41000000', 'q': '0.06057400', 'f': 258637248, 'l': 258637248, 'T': 1583600408640, 'm': False, 'M': True}",07/03/2020 20:00:08
CryptoCoin,Price,Date
BitCoin,"{'e': 'aggTrade', 'E': 1583600408649, 's': 'BTCUSDT', 'a': 236736104, 'p': '9027.19000000', 'q': '0.00230000', 'f': 258637249, 'l': 258637249, 'T': 1583600408647, 'm': True, 'M': True}",07/03/2020 20:00:08
CryptoCoin,Price,Date
BitCoin,"{'e': 'aggTrade', 'E': 1583600408657, 's': 'BTCUSDT', 'a': 236736105, 'p': '9027.22000000', 'q': '0.03868900', 'f': 258637250, 'l': 258637250, 'T': 1583600408653, 'm': True, 'M': True}",07/03/2020 20:00:08
CryptoCoin,Price,Date
BitCoin,"{'e': 'aggTrade', 'E': 1583600408657, 's': 'BTCUSDT', 'a': 236736106, 'p': '9027.19000000', 'q': '0.67410100', 'f': 258637251, 'l': 258637251, 'T': 1583600408653, 'm': True, 'M': True}",07/03/2020 20:00:08
CryptoCoin,Price,Date
BitCoin,"{'e': 'aggTrade', 'E': 1583600408658, 's': 'BTCUSDT', 'a': 236736107, 'p': '9027.19000000', 'q': '0.07731000', 'f': 258637252, 'l': 258637252, 'T': 1583600408654, 'm': True, 'M': True}",07/03/2020 20:00:08
CryptoCoin,Price,Date
BitCoin,"{'e': 'aggTrade', 'E': 1583600408660, 's': 'BTCUSDT', 'a': 236736108, 'p': '9027.19000000', 'q': '0.19306000', 'f': 258637253, 'l': 258637253, 'T': 1583600408656, 'm': True, 'M': True}",07/03/2020 20:00:08
CryptoCoin,Price,Date
BitCoin,"{'e': 'aggTrade', 'E': 1583600408666, 's': 'BTCUSDT', 'a': 236736109, 'p': '9027.19000000', 'q': '0.00590000', 'f': 258637254, 'l': 258637254, 'T': 1583600408660, 'm': True, 'M': True}",07/03/2020 20:00:08
CryptoCoin,Price,Date
BitCoin,"{'e': 'aggTrade', 'E': 1583600408668, 's': 'BTCUSDT', 'a': 236736110, 'p': '9027.19000000', 'q': '0.00879000', 'f': 258637255, 'l': 258637255, 'T': 1583600408663, 'm': True, 'M': True}",07/03/2020 20:00:08
CryptoCoin,Price,Date
BitCoin,"{'e': 'aggTrade', 'E': 1583600408679, 's': 'BTCUSDT', 'a': 236736111, 'p': '9027.19000000', 'q': '0.02400400', 'f': 258637256, 'l': 258637256, 'T': 1583600408675, 'm': True, 'M': True}",07/03/2020 20:00:08
CryptoCoin,Price,Date
BitCoin,"{'e': 'aggTrade', 'E': 1583600408715, 's': 'BTCUSDT', 'a': 236736112, 'p': '9026.53000000', 'q': '0.00590000', 'f': 258637257, 'l': 258637257, 'T': 1583600408712, 'm': True, 'M': True}",07/03/2020 20:00:08
CryptoCoin,Price,Date
BitCoin,"{'e': 'aggTrade', 'E': 1583600408761, 's': 'BTCUSDT', 'a': 236736113, 'p': '9026.54000000', 'q': '0.04724000', 'f': 258637258, 'l': 258637258, 'T': 1583600408759, 'm': True, 'M': True}",07/03/2020 20:00:08
CryptoCoin,Price,Date
BitCoin,"{'e': 'aggTrade', 'E': 1583600408766, 's': 'BTCUSDT', 'a': 236736114, 'p': '9026.54000000', 'q': '0.00588800', 'f': 258637259, 'l': 258637259, 'T': 1583600408764, 'm': True, 'M': True}",07/03/2020 20:00:08
CryptoCoin,Price,Date
BitCoin,"{'e': 'aggTrade', 'E': 1583600408794, 's': 'BTCUSDT', 'a': 236736115, 'p': '9026.59000000', 'q': '0.04724700', 'f': 258637260, 'l': 258637260, 'T': 1583600408790, 'm': True, 'M': True}",07/03/2020 20:00:08
CryptoCoin,Price,Date
BitCoin,"{'e': 'aggTrade', 'E': 1583600408794, 's': 'BTCUSDT', 'a': 236736116, 'p': '9026.54000000', 'q': '0.00221500', 'f': 258637261, 'l': 258637261, 'T': 1583600408790, 'm': True, 'M': True}",07/03/2020 20:00:08
CryptoCoin,Price,Date
BitCoin,"{'e': 'aggTrade', 'E': 1583600408829, 's': 'BTCUSDT', 'a': 236736117, 'p': '9026.58000000', 'q': '0.02880100', 'f': 258637262, 'l': 258637262, 'T': 1583600408828, 'm': True, 'M': True}",07/03/2020 20:00:08
CryptoCoin,Price,Date
BitCoin,"{'e': 'aggTrade', 'E': 1583600408829, 's': 'BTCUSDT', 'a': 236736118, 'p': '9026.43000000', 'q': '0.02119900', 'f': 258637263, 'l': 258637263, 'T': 1583600408828, 'm': True, 'M': True}",07/03/2020 20:00:08
CryptoCoin,Price,Date
BitCoin,"{'e': 'aggTrade', 'E': 1583600408841, 's': 'BTCUSDT', 'a': 236736119, 'p': '9026.43000000', 'q': '0.02880100', 'f': 258637264, 'l': 258637264, 'T': 1583600408840, 'm': True, 'M': True}",07/03/2020 20:00:08
CryptoCoin,Price,Date
BitCoin,"{'e': 'aggTrade', 'E': 1583600408841, 's': 'BTCUSDT', 'a': 236736120, 'p': '9026.05000000', 'q': '0.03119900', 'f': 258637265, 'l': 258637265, 'T': 1583600408840, 'm': True, 'M': True}",07/03/2020 20:00:08
CryptoCoin,Price,Date
BitCoin,"{'e': 'aggTrade', 'E': 1583600408881, 's': 'BTCUSDT', 'a': 236736121, 'p': '9026.59000000', 'q': '0.01750700', 'f': 258637266, 'l': 258637266, 'T': 1583600408874, 'm': True, 'M': True}",07/03/2020 20:00:08
CryptoCoin,Price,Date
BitCoin,"{'e': 'aggTrade', 'E': 1583600408883, 's': 'BTCUSDT', 'a': 236736122, 'p': '9026.01000000', 'q': '0.02187800', 'f': 258637267, 'l': 258637267, 'T': 1583600408876, 'm': True, 'M': True}",07/03/2020 20:00:08
CryptoCoin,Price,Date
BitCoin,"{'e': 'aggTrade', 'E': 1583600408935, 's': 'BTCUSDT', 'a': 236736123, 'p': '9026.59000000', 'q': '0.01066000', 'f': 258637268, 'l': 258637268, 'T': 1583600408934, 'm': True, 'M': True}",07/03/2020 20:00:08
CryptoCoin,Price,Date
BitCoin,"{'e': 'aggTrade', 'E': 1583600409007, 's': 'BTCUSDT', 'a': 236736124, 'p': '9028.91000000', 'q': '0.05472500', 'f': 258637269, 'l': 258637269, 'T': 1583600409004, 'm': False, 'M': True}",07/03/2020 20:00:08
CryptoCoin,Price,Date
BitCoin,"{'e': 'aggTrade', 'E': 1583600409052, 's': 'BTCUSDT', 'a': 236736125, 'p': '9028.79000000', 'q': '0.04602600', 'f': 258637270, 'l': 258637270, 'T': 1583600409050, 'm': False, 'M': True}",07/03/2020 20:00:08
CryptoCoin,Price,Date
BitCoin,"{'e': 'aggTrade', 'E': 1583600409197, 's': 'BTCUSDT', 'a': 236736126, 'p': '9028.59000000', 'q': '0.03004400', 'f': 258637271, 'l': 258637271, 'T': 1583600409194, 'm': False, 'M': True}",07/03/2020 20:00:09
CryptoCoin,Price,Date
BitCoin,"{'e': 'aggTrade', 'E': 1583600409205, 's': 'BTCUSDT', 'a': 236736127, 'p': '9026.07000000', 'q': '0.00652200', 'f': 258637272, 'l': 258637272, 'T': 1583600409203, 'm': True, 'M': True}",07/03/2020 20:00:09
CryptoCoin,Price,Date
BitCoin,"{'e': 'aggTrade', 'E': 1583600409255, 's': 'BTCUSDT', 'a': 236736128, 'p': '9026.07000000', 'q': '0.00000400', 'f': 258637273, 'l': 258637273, 'T': 1583600409252, 'm': True, 'M': True}",07/03/2020 20:00:09
CryptoCoin,Price,Date
BitCoin,"{'e': 'aggTrade', 'E': 1583600409293, 's': 'BTCUSDT', 'a': 236736129, 'p': '9026.01000000', 'q': '0.02196200', 'f': 258637274, 'l': 258637274, 'T': 1583600409291, 'm': True, 'M': True}",07/03/2020 20:00:09
CryptoCoin,Price,Date
BitCoin,"{'e': 'aggTrade', 'E': 1583600409293, 's': 'BTCUSDT', 'a': 236736130, 'p': '9026.00000000', 'q': '0.07803800', 'f': 258637275, 'l': 258637275, 'T': 1583600409291, 'm': True, 'M': True}",07/03/2020 20:00:09
CryptoCoin,Price,Date
BitCoin,"{'e': 'aggTrade', 'E': 1583600409305, 's': 'BTCUSDT', 'a': 236736131, 'p': '9026.00000000', 'q': '0.02196200', 'f': 258637276, 'l': 258637276, 'T': 1583600409303, 'm': True, 'M': True}",07/03/2020 20:00:09
CryptoCoin,Price,Date
BitCoin,"{'e': 'aggTrade', 'E': 1583600409361, 's': 'BTCUSDT', 'a': 236736132, 'p': '9025.18000000', 'q': '0.01336000', 'f': 258637277, 'l': 258637277, 'T': 1583600409356, 'm': True, 'M': True}",07/03/2020 20:00:09
CryptoCoin,Price,Date
BitCoin,"{'e': 'aggTrade', 'E': 1583600409409, 's': 'BTCUSDT', 'a': 236736133, 'p': '9025.18000000', 'q': '0.00000500', 'f': 258637278, 'l': 258637278, 'T': 1583600409407, 'm': True, 'M': True}",07/03/2020 20:00:09
CryptoCoin,Price,Date
BitCoin,"{'e': 'aggTrade', 'E': 1583600409409, 's': 'BTCUSDT', 'a': 236736134, 'p': '9025.14000000', 'q': '0.02195500', 'f': 258637279, 'l': 258637279, 'T': 1583600409407, 'm': True, 'M': True}",07/03/2020 20:00:09
CryptoCoin,Price,Date
BitCoin,"{'e': 'aggTrade', 'E': 1583600409571, 's': 'BTCUSDT', 'a': 236736135, 'p': '9025.20000000', 'q': '0.00807000', 'f': 258637280, 'l': 258637280, 'T': 1583600409568, 'm': True, 'M': True}",07/03/2020 20:00:09
CryptoCoin,Price,Date
BitCoin,"{'e': 'aggTrade', 'E': 1583600409580, 's': 'BTCUSDT', 'a': 236736136, 'p': '9025.20000000', 'q': '0.00005800', 'f': 258637281, 'l': 258637281, 'T': 1583600409579, 'm': True, 'M': True}",07/03/2020 20:00:09
CryptoCoin,Price,Date
BitCoin,"{'e': 'aggTrade', 'E': 1583600409580, 's': 'BTCUSDT', 'a': 236736137, 'p': '9025.14000000', 'q': '0.00020000', 'f': 258637282, 'l': 258637282, 'T': 1583600409579, 'm': True, 'M': True}",07/03/2020 20:00:09
CryptoCoin,Price,Date
BitCoin,"{'e': 'aggTrade', 'E': 1583600409580, 's': 'BTCUSDT', 'a': 236736138, 'p': '9025.00000000', 'q': '0.23177300', 'f': 258637283, 'l': 258637283, 'T': 1583600409579, 'm': True, 'M': True}",07/03/2020 20:00:09
CryptoCoin,Price,Date
BitCoin,"{'e': 'aggTrade', 'E': 1583600409665, 's': 'BTCUSDT', 'a': 236736139, 'p': '9027.22000000', 'q': '0.13443000', 'f': 258637284, 'l': 258637284, 'T': 1583600409663, 'm': False, 'M': True}",07/03/2020 20:00:09
CryptoCoin,Price,Date
BitCoin,"{'e': 'aggTrade', 'E': 1583600409665, 's': 'BTCUSDT', 'a': 236736140, 'p': '9027.28000000', 'q': '0.03371400', 'f': 258637285, 'l': 258637285, 'T': 1583600409663, 'm': False, 'M': True}",07/03/2020 20:00:09
CryptoCoin,Price,Date
BitCoin,"{'e': 'aggTrade', 'E': 1583600409665, 's': 'BTCUSDT', 'a': 236736141, 'p': '9027.31000000', 'q': '0.17587900', 'f': 258637286, 'l': 258637286, 'T': 1583600409663, 'm': False, 'M': True}",07/03/2020 20:00:09
CryptoCoin,Price,Date
BitCoin,"{'e': 'aggTrade', 'E': 1583600409668, 's': 'BTCUSDT', 'a': 236736142, 'p': '9025.00000000', 'q': '1.29861700', 'f': 258637287, 'l': 258637289, 'T': 1583600409663, 'm': True, 'M': True}",07/03/2020 20:00:09
CryptoCoin,Price,Date
BitCoin,"{'e': 'aggTrade', 'E': 1583600409668, 's': 'BTCUSDT', 'a': 236736143, 'p': '9024.96000000', 'q': '0.00363400', 'f': 258637290, 'l': 258637290, 'T': 1583600409663, 'm': True, 'M': True}",07/03/2020 20:00:09
CryptoCoin,Price,Date
BitCoin,"{'e': 'aggTrade', 'E': 1583600409668, 's': 'BTCUSDT', 'a': 236736144, 'p': '9024.60000000', 'q': '0.16650000', 'f': 258637291, 'l': 258637291, 'T': 1583600409663, 'm': True, 'M': True}",07/03/2020 20:00:09
CryptoCoin,Price,Date
BitCoin,"{'e': 'aggTrade', 'E': 1583600409668, 's': 'BTCUSDT', 'a': 236736145, 'p': '9024.57000000', 'q': '1.52223200', 'f': 258637292, 'l': 258637292, 'T': 1583600409663, 'm': True, 'M': True}",07/03/2020 20:00:09
CryptoCoin,Price,Date
BitCoin,"{'e': 'aggTrade', 'E': 1583600409680, 's': 'BTCUSDT', 'a': 236736146, 'p': '9027.21000000', 'q': '0.00754400', 'f': 258637293, 'l': 258637293, 'T': 1583600409679, 'm': False, 'M': True}",07/03/2020 20:00:09
CryptoCoin,Price,Date
BitCoin,"{'e': 'aggTrade', 'E': 1583600409688, 's': 'BTCUSDT', 'a': 236736147, 'p': '9024.62000000', 'q': '0.07527100', 'f': 258637294, 'l': 258637294, 'T': 1583600409685, 'm': True, 'M': True}",07/03/2020 20:00:09
CryptoCoin,Price,Date
BitCoin,"{'e': 'aggTrade', 'E': 1583600409734, 's': 'BTCUSDT', 'a': 236736148, 'p': '9024.67000000', 'q': '0.05615700', 'f': 258637295, 'l': 258637295, 'T': 1583600409732, 'm': True, 'M': True}",07/03/2020 20:00:09
CryptoCoin,Price,Date
BitCoin,"{'e': 'aggTrade', 'E': 1583600409734, 's': 'BTCUSDT', 'a': 236736149, 'p': '9024.58000000', 'q': '0.29100000', 'f': 258637296, 'l': 258637296, 'T': 1583600409732, 'm': True, 'M': True}",07/03/2020 20:00:09
CryptoCoin,Price,Date
BitCoin,"{'e': 'aggTrade', 'E': 1583600409734, 's': 'BTCUSDT', 'a': 236736150, 'p': '9024.57000000', 'q': '1.14722200', 'f': 258637297, 'l': 258637297, 'T': 1583600409732, 'm': True, 'M': True}",07/03/2020 20:00:09
CryptoCoin,Price,Date
BitCoin,"{'e': 'aggTrade', 'E': 1583600409771, 's': 'BTCUSDT', 'a': 236736151, 'p': '9024.70000000', 'q': '0.03278800', 'f': 258637298, 'l': 258637298, 'T': 1583600409770, 'm': True, 'M': True}",07/03/2020 20:00:09
CryptoCoin,Price,Date
BitCoin,"{'e': 'aggTrade', 'E': 1583600409819, 's': 'BTCUSDT', 'a': 236736152, 'p': '9024.06000000', 'q': '0.01107900', 'f': 258637299, 'l': 258637299, 'T': 1583600409817, 'm': True, 'M': True}",07/03/2020 20:00:09
CryptoCoin,Price,Date
BitCoin,"{'e': 'aggTrade', 'E': 1583600409819, 's': 'BTCUSDT', 'a': 236736153, 'p': '9023.33000000', 'q': '0.01992900', 'f': 258637300, 'l': 258637300, 'T': 1583600409817, 'm': True, 'M': True}",07/03/2020 20:00:09
CryptoCoin,Price,Date
BitCoin,"{'e': 'aggTrade', 'E': 1583600409852, 's': 'BTCUSDT', 'a': 236736154, 'p': '9027.04000000', 'q': '0.06037600', 'f': 258637301, 'l': 258637301, 'T': 1583600409850, 'm': False, 'M': True}",07/03/2020 20:00:09
CryptoCoin,Price,Date
BitCoin,"{'e': 'aggTrade', 'E': 1583600409966, 's': 'BTCUSDT', 'a': 236736155, 'p': '9023.50000000', 'q': '0.01106800', 'f': 258637302, 'l': 258637302, 'T': 1583600409964, 'm': True, 'M': True}",07/03/2020 20:00:09
CryptoCoin,Price,Date
BitCoin,"{'e': 'aggTrade', 'E': 1583600409974, 's': 'BTCUSDT', 'a': 236736156, 'p': '9023.51000000', 'q': '0.01955000', 'f': 258637303, 'l': 258637303, 'T': 1583600409972, 'm': True, 'M': True}",07/03/2020 20:00:09
CryptoCoin,Price,Date
BitCoin,"{'e': 'aggTrade', 'E': 1583600409975, 's': 'BTCUSDT', 'a': 236736157, 'p': '9023.51000000', 'q': '0.01200000', 'f': 258637304, 'l': 258637304, 'T': 1583600409973, 'm': True, 'M': True}",07/03/2020 20:00:09
CryptoCoin,Price,Date
BitCoin,"{'e': 'aggTrade', 'E': 1583600410024, 's': 'BTCUSDT', 'a': 236736158, 'p': '9026.49000000', 'q': '0.06048400', 'f': 258637305, 'l': 258637305, 'T': 1583600410022, 'm': False, 'M': True}",07/03/2020 20:00:09
CryptoCoin,Price,Date
BitCoin,"{'e': 'aggTrade', 'E': 1583600410082, 's': 'BTCUSDT', 'a': 236736159, 'p': '9023.54000000', 'q': '0.01780800', 'f': 258637306, 'l': 258637306, 'T': 1583600410080, 'm': True, 'M': True}",07/03/2020 20:00:09
CryptoCoin,Price,Date
BitCoin,"{'e': 'aggTrade', 'E': 1583600410137, 's': 'BTCUSDT', 'a': 236736160, 'p': '9023.58000000', 'q': '0.03300000', 'f': 258637307, 'l': 258637307, 'T': 1583600410130, 'm': True, 'M': True}",07/03/2020 20:00:09
CryptoCoin,Price,Date
BitCoin,"{'e': 'aggTrade', 'E': 1583600410137, 's': 'BTCUSDT', 'a': 236736161, 'p': '9023.57000000', 'q': '0.00631000', 'f': 258637308, 'l': 258637308, 'T': 1583600410130, 'm': True, 'M': True}",07/03/2020 20:00:09
CryptoCoin,Price,Date
BitCoin,"{'e': 'aggTrade', 'E': 1583600410155, 's': 'BTCUSDT', 'a': 236736162, 'p': '9023.62000000', 'q': '0.03300000', 'f': 258637309, 'l': 258637309, 'T': 1583600410154, 'm': True, 'M': True}",07/03/2020 20:00:09
CryptoCoin,Price,Date
BitCoin,"{'e': 'aggTrade', 'E': 1583600410162, 's': 'BTCUSDT', 'a': 236736163, 'p': '9023.62000000', 'q': '0.00631400', 'f': 258637310, 'l': 258637310, 'T': 1583600410161, 'm': True, 'M': True}",07/03/2020 20:00:09
CryptoCoin,Price,Date
BitCoin,"{'e': 'aggTrade', 'E': 1583600410183, 's': 'BTCUSDT', 'a': 236736164, 'p': '9023.47000000', 'q': '0.09597000', 'f': 258637311, 'l': 258637311, 'T': 1583600410182, 'm': True, 'M': True}",07/03/2020 20:00:10
CryptoCoin,Price,Date
BitCoin,"{'e': 'aggTrade', 'E': 1583600410195, 's': 'BTCUSDT', 'a': 236736165, 'p': '9023.50000000', 'q': '0.02145400', 'f': 258637312, 'l': 258637312, 'T': 1583600410193, 'm': True, 'M': True}",07/03/2020 20:00:10
CryptoCoin,Price,Date
BitCoin,"{'e': 'aggTrade', 'E': 1583600410200, 's': 'BTCUSDT', 'a': 236736166, 'p': '9023.22000000', 'q': '0.06600000', 'f': 258637313, 'l': 258637313, 'T': 1583600410199, 'm': True, 'M': True}",07/03/2020 20:00:10
CryptoCoin,Price,Date
BitCoin,"{'e': 'aggTrade', 'E': 1583600410200, 's': 'BTCUSDT', 'a': 236736167, 'p': '9023.21000000', 'q': '0.03300000', 'f': 258637314, 'l': 258637314, 'T': 1583600410199, 'm': True, 'M': True}",07/03/2020 20:00:10
CryptoCoin,Price,Date
BitCoin,"{'e': 'aggTrade', 'E': 1583600410229, 's': 'BTCUSDT', 'a': 236736168, 'p': '9023.27000000', 'q': '0.02145400', 'f': 258637315, 'l': 258637315, 'T': 1583600410228, 'm': True, 'M': True}",07/03/2020 20:00:10
CryptoCoin,Price,Date
BitCoin,"{'e': 'aggTrade', 'E': 1583600410231, 's': 'BTCUSDT', 'a': 236736169, 'p': '9023.13000000', 'q': '0.01794100', 'f': 258637316, 'l': 258637317, 'T': 1583600410229, 'm': True, 'M': True}",07/03/2020 20:00:10
CryptoCoin,Price,Date
BitCoin,"{'e': 'aggTrade', 'E': 1583600410231, 's': 'BTCUSDT', 'a': 236736170, 'p': '9022.91000000', 'q': '0.24772900', 'f': 258637318, 'l': 258637318, 'T': 1583600410229, 'm': True, 'M': True}",07/03/2020 20:00:10
CryptoCoin,Price,Date
BitCoin,"{'e': 'aggTrade', 'E': 1583600410244, 's': 'BTCUSDT', 'a': 236736171, 'p': '9022.91000000', 'q': '0.07709000', 'f': 258637319, 'l': 258637319, 'T': 1583600410242, 'm': False, 'M': True}",07/03/2020 20:00:10
CryptoCoin,Price,Date
BitCoin,"{'e': 'aggTrade', 'E': 1583600410253, 's': 'BTCUSDT', 'a': 236736172, 'p': '9022.17000000', 'q': '0.25800000', 'f': 258637320, 'l': 258637320, 'T': 1583600410250, 'm': True, 'M': True}",07/03/2020 20:00:10
CryptoCoin,Price,Date
BitCoin,"{'e': 'aggTrade', 'E': 1583600410253, 's': 'BTCUSDT', 'a': 236736173, 'p': '9022.15000000', 'q': '0.36600000', 'f': 258637321, 'l': 258637321, 'T': 1583600410250, 'm': True, 'M': True}",07/03/2020 20:00:10
CryptoCoin,Price,Date
BitCoin,"{'e': 'aggTrade', 'E': 1583600410253, 's': 'BTCUSDT', 'a': 236736174, 'p': '9022.14000000', 'q': '0.37652100', 'f': 258637322, 'l': 258637322, 'T': 1583600410250, 'm': True, 'M': True}",07/03/2020 20:00:10
CryptoCoin,Price,Date
BitCoin,"{'e': 'aggTrade', 'E': 1583600410253, 's': 'BTCUSDT', 'a': 236736175, 'p': '9022.11000000', 'q': '0.03500000', 'f': 258637323, 'l': 258637323, 'T': 1583600410250, 'm': True, 'M': True}",07/03/2020 20:00:10
CryptoCoin,Price,Date
BitCoin,"{'e': 'aggTrade', 'E': 1583600410253, 's': 'BTCUSDT', 'a': 236736176, 'p': '9021.76000000', 'q': '0.50000000', 'f': 258637324, 'l': 258637324, 'T': 1583600410250, 'm': True, 'M': True}",07/03/2020 20:00:10
CryptoCoin,Price,Date
BitCoin,"{'e': 'aggTrade', 'E': 1583600410373, 's': 'BTCUSDT', 'a': 236736177, 'p': '9021.69000000', 'q': '0.01928400', 'f': 258637325, 'l': 258637325, 'T': 1583600410371, 'm': False, 'M': True}",07/03/2020 20:00:10
CryptoCoin,Price,Date
BitCoin,"{'e': 'aggTrade', 'E': 1583600410395, 's': 'BTCUSDT', 'a': 236736178, 'p': '9021.07000000', 'q': '0.50000000', 'f': 258637326, 'l': 258637326, 'T': 1583600410392, 'm': True, 'M': True}",07/03/2020 20:00:10
CryptoCoin,Price,Date
BitCoin,"{'e': 'aggTrade', 'E': 1583600410395, 's': 'BTCUSDT', 'a': 236736179, 'p': '9021.05000000', 'q': '0.09177200', 'f': 258637327, 'l': 258637327, 'T': 1583600410392, 'm': True, 'M': True}",07/03/2020 20:00:10
CryptoCoin,Price,Date
BitCoin,"{'e': 'aggTrade', 'E': 1583600410395, 's': 'BTCUSDT', 'a': 236736180, 'p': '9021.03000000', 'q': '0.20000000', 'f': 258637328, 'l': 258637328, 'T': 1583600410392, 'm': True, 'M': True}",07/03/2020 20:00:10
CryptoCoin,Price,Date
BitCoin,"{'e': 'aggTrade', 'E': 1583600410395, 's': 'BTCUSDT', 'a': 236736181, 'p': '9021.01000000', 'q': '0.12658500', 'f': 258637329, 'l': 258637338, 'T': 1583600410392, 'm': True, 'M': True}",07/03/2020 20:00:10
CryptoCoin,Price,Date
BitCoin,"{'e': 'aggTrade', 'E': 1583600410395, 's': 'BTCUSDT', 'a': 236736182, 'p': '9021.00000000', 'q': '0.00120000', 'f': 258637339, 'l': 258637339, 'T': 1583600410392, 'm': True, 'M': True}",07/03/2020 20:00:10
CryptoCoin,Price,Date
BitCoin,"{'e': 'aggTrade', 'E': 1583600410395, 's': 'BTCUSDT', 'a': 236736183, 'p': '9020.81000000', 'q': '0.13258200', 'f': 258637340, 'l': 258637340, 'T': 1583600410392, 'm': True, 'M': True}",07/03/2020 20:00:10
CryptoCoin,Price,Date
BitCoin,"{'e': 'aggTrade', 'E': 1583600410395, 's': 'BTCUSDT', 'a': 236736184, 'p': '9020.80000000', 'q': '0.03325600', 'f': 258637341, 'l': 258637341, 'T': 1583600410392, 'm': True, 'M': True}",07/03/2020 20:00:10
CryptoCoin,Price,Date
BitCoin,"{'e': 'aggTrade', 'E': 1583600410395, 's': 'BTCUSDT', 'a': 236736185, 'p': '9020.79000000', 'q': '0.01015000', 'f': 258637342, 'l': 258637342, 'T': 1583600410392, 'm': True, 'M': True}",07/03/2020 20:00:10
CryptoCoin,Price,Date
BitCoin,"{'e': 'aggTrade', 'E': 1583600410414, 's': 'BTCUSDT', 'a': 236736186, 'p': '9021.68000000', 'q': '0.06033400', 'f': 258637343, 'l': 258637343, 'T': 1583600410413, 'm': False, 'M': True}",07/03/2020 20:00:10
CryptoCoin,Price,Date
BitCoin,"{'e': 'aggTrade', 'E': 1583600410423, 's': 'BTCUSDT', 'a': 236736187, 'p': '9021.08000000', 'q': '0.05402800', 'f': 258637344, 'l': 258637344, 'T': 1583600410422, 'm': True, 'M': True}",07/03/2020 20:00:10
CryptoCoin,Price,Date
BitCoin,"{'e': 'aggTrade', 'E': 1583600410441, 's': 'BTCUSDT', 'a': 236736188, 'p': '9021.09000000', 'q': '0.50000000', 'f': 258637345, 'l': 258637345, 'T': 1583600410440, 'm': True, 'M': True}",07/03/2020 20:00:10
CryptoCoin,Price,Date
BitCoin,"{'e': 'aggTrade', 'E': 1583600410455, 's': 'BTCUSDT', 'a': 236736189, 'p': '9021.10000000', 'q': '0.28658800', 'f': 258637346, 'l': 258637346, 'T': 1583600410453, 'm': True, 'M': True}",07/03/2020 20:00:10
CryptoCoin,Price,Date
BitCoin,"{'e': 'aggTrade', 'E': 1583600410478, 's': 'BTCUSDT', 'a': 236736190, 'p': '9021.11000000', 'q': '0.00656300', 'f': 258637347, 'l': 258637347, 'T': 1583600410477, 'm': True, 'M': True}",07/03/2020 20:00:10
CryptoCoin,Price,Date
BitCoin,"{'e': 'aggTrade', 'E': 1583600410495, 's': 'BTCUSDT', 'a': 236736191, 'p': '9021.75000000', 'q': '0.17358100', 'f': 258637348, 'l': 258637348, 'T': 1583600410494, 'm': False, 'M': True}",07/03/2020 20:00:10
CryptoCoin,Price,Date
BitCoin,"{'e': 'aggTrade', 'E': 1583600410542, 's': 'BTCUSDT', 'a': 236736192, 'p': '9021.64000000', 'q': '0.07122000', 'f': 258637349, 'l': 258637349, 'T': 1583600410540, 'm': False, 'M': True}",07/03/2020 20:00:10
CryptoCoin,Price,Date
BitCoin,"{'e': 'aggTrade', 'E': 1583600410552, 's': 'BTCUSDT', 'a': 236736193, 'p': '9021.75000000', 'q': '0.00500100', 'f': 258637350, 'l': 258637350, 'T': 1583600410551, 'm': False, 'M': True}",07/03/2020 20:00:10
CryptoCoin,Price,Date
BitCoin,"{'e': 'aggTrade', 'E': 1583600410582, 's': 'BTCUSDT', 'a': 236736194, 'p': '9021.75000000', 'q': '0.06103300', 'f': 258637351, 'l': 258637351, 'T': 1583600410581, 'm': False, 'M': True}",07/03/2020 20:00:10
CryptoCoin,Price,Date
BitCoin,"{'e': 'aggTrade', 'E': 1583600410657, 's': 'BTCUSDT', 'a': 236736195, 'p': '9021.42000000', 'q': '0.18746700', 'f': 258637352, 'l': 258637352, 'T': 1583600410656, 'm': True, 'M': True}",07/03/2020 20:00:10
CryptoCoin,Price,Date
BitCoin,"{'e': 'aggTrade', 'E': 1583600410746, 's': 'BTCUSDT', 'a': 236736196, 'p': '9021.75000000', 'q': '0.06075500', 'f': 258637353, 'l': 258637353, 'T': 1583600410745, 'm': False, 'M': True}",07/03/2020 20:00:10
CryptoCoin,Price,Date
BitCoin,"{'e': 'aggTrade', 'E': 1583600410759, 's': 'BTCUSDT', 'a': 236736197, 'p': '9021.75000000', 'q': '0.09327900', 'f': 258637354, 'l': 258637354, 'T': 1583600410758, 'm': False, 'M': True}",07/03/2020 20:00:10
CryptoCoin,Price,Date
BitCoin,"{'e': 'aggTrade', 'E': 1583600410759, 's': 'BTCUSDT', 'a': 236736198, 'p': '9022.91000000', 'q': '0.04893200', 'f': 258637355, 'l': 258637355, 'T': 1583600410758, 'm': False, 'M': True}",07/03/2020 20:00:10
CryptoCoin,Price,Date
BitCoin,"{'e': 'aggTrade', 'E': 1583600410782, 's': 'BTCUSDT', 'a': 236736199, 'p': '9021.11000000', 'q': '0.01939000', 'f': 258637356, 'l': 258637356, 'T': 1583600410780, 'm': True, 'M': True}",07/03/2020 20:00:10
CryptoCoin,Price,Date
BitCoin,"{'e': 'aggTrade', 'E': 1583600410856, 's': 'BTCUSDT', 'a': 236736200, 'p': '9022.84000000', 'q': '0.01117000', 'f': 258637357, 'l': 258637357, 'T': 1583600410855, 'm': False, 'M': True}",07/03/2020 20:00:10
CryptoCoin,Price,Date
BitCoin,"{'e': 'aggTrade', 'E': 1583600410906, 's': 'BTCUSDT', 'a': 236736201, 'p': '9022.18000000', 'q': '0.32512900', 'f': 258637358, 'l': 258637358, 'T': 1583600410905, 'm': False, 'M': True}",07/03/2020 20:00:10
CryptoCoin,Price,Date
BitCoin,"{'e': 'aggTrade', 'E': 1583600410916, 's': 'BTCUSDT', 'a': 236736202, 'p': '9022.82000000', 'q': '0.04125000', 'f': 258637359, 'l': 258637359, 'T': 1583600410914, 'm': False, 'M': True}",07/03/2020 20:00:10
CryptoCoin,Price,Date
BitCoin,"{'e': 'aggTrade', 'E': 1583600410916, 's': 'BTCUSDT', 'a': 236736203, 'p': '9022.83000000', 'q': '0.01946700', 'f': 258637360, 'l': 258637360, 'T': 1583600410914, 'm': False, 'M': True}",07/03/2020 20:00:10
CryptoCoin,Price,Date
BitCoin,"{'e': 'aggTrade', 'E': 1583600410964, 's': 'BTCUSDT', 'a': 236736204, 'p': '9022.79000000', 'q': '0.01249100', 'f': 258637361, 'l': 258637361, 'T': 1583600410962, 'm': False, 'M': True}",07/03/2020 20:00:10
CryptoCoin,Price,Date
BitCoin,"{'e': 'aggTrade', 'E': 1583600411083, 's': 'BTCUSDT', 'a': 236736205, 'p': '9022.79000000', 'q': '0.04435300', 'f': 258637362, 'l': 258637362, 'T': 1583600411081, 'm': False, 'M': True}",07/03/2020 20:00:11
CryptoCoin,Price,Date
BitCoin,"{'e': 'aggTrade', 'E': 1583600411090, 's': 'BTCUSDT', 'a': 236736206, 'p': '9021.60000000', 'q': '0.09055800', 'f': 258637363, 'l': 258637363, 'T': 1583600411089, 'm': True, 'M': True}",07/03/2020 20:00:11
CryptoCoin,Price,Date
BitCoin,"{'e': 'aggTrade', 'E': 1583600411090, 's': 'BTCUSDT', 'a': 236736207, 'p': '9021.57000000', 'q': '0.09055800', 'f': 258637364, 'l': 258637364, 'T': 1583600411089, 'm': True, 'M': True}",07/03/2020 20:00:11
CryptoCoin,Price,Date
BitCoin,"{'e': 'aggTrade', 'E': 1583600411090, 's': 'BTCUSDT', 'a': 236736208, 'p': '9021.54000000', 'q': '1.77617800', 'f': 258637365, 'l': 258637365, 'T': 1583600411089, 'm': True, 'M': True}",07/03/2020 20:00:11
CryptoCoin,Price,Date
BitCoin,"{'e': 'aggTrade', 'E': 1583600411096, 's': 'BTCUSDT', 'a': 236736209, 'p': '9022.79000000', 'q': '0.06099200', 'f': 258637366, 'l': 258637366, 'T': 1583600411094, 'm': False, 'M': True}",07/03/2020 20:00:11
CryptoCoin,Price,Date
BitCoin,"{'e': 'aggTrade', 'E': 1583600411188, 's': 'BTCUSDT', 'a': 236736210, 'p': '9022.79000000', 'q': '0.00730000', 'f': 258637367, 'l': 258637367, 'T': 1583600411187, 'm': False, 'M': True}",07/03/2020 20:00:11
CryptoCoin,Price,Date
BitCoin,"{'e': 'aggTrade', 'E': 1583600411224, 's': 'BTCUSDT', 'a': 236736211, 'p': '9022.79000000', 'q': '0.00891000', 'f': 258637368, 'l': 258637368, 'T': 1583600411223, 'm': False, 'M': True}",07/03/2020 20:00:11
CryptoCoin,Price,Date
BitCoin,"{'e': 'aggTrade', 'E': 1583600411224, 's': 'BTCUSDT', 'a': 236736212, 'p': '9022.90000000', 'q': '0.00664900', 'f': 258637369, 'l': 258637369, 'T': 1583600411223, 'm': False, 'M': True}",07/03/2020 20:00:11
CryptoCoin,Price,Date
BitCoin,"{'e': 'aggTrade', 'E': 1583600411224, 's': 'BTCUSDT', 'a': 236736213, 'p': '9022.91000000', 'q': '0.06974800', 'f': 258637370, 'l': 258637370, 'T': 1583600411223, 'm': False, 'M': True}",07/03/2020 20:00:11
CryptoCoin,Price,Date
BitCoin,"{'e': 'aggTrade', 'E': 1583600411255, 's': 'BTCUSDT', 'a': 236736214, 'p': '9022.91000000', 'q': '0.00890400', 'f': 258637371, 'l': 258637371, 'T': 1583600411252, 'm': False, 'M': True}",07/03/2020 20:00:11
CryptoCoin,Price,Date
BitCoin,"{'e': 'aggTrade', 'E': 1583600411272, 's': 'BTCUSDT', 'a': 236736215, 'p': '9022.91000000', 'q': '0.06052200', 'f': 258637372, 'l': 258637372, 'T': 1583600411271, 'm': False, 'M': True}",07/03/2020 20:00:11
CryptoCoin,Price,Date
BitCoin,"{'e': 'aggTrade', 'E': 1583600411374, 's': 'BTCUSDT', 'a': 236736216, 'p': '9022.91000000', 'q': '0.00434600', 'f': 258637373, 'l': 258637373, 'T': 1583600411372, 'm': False, 'M': True}",07/03/2020 20:00:11
CryptoCoin,Price,Date
BitCoin,"{'e': 'aggTrade', 'E': 1583600411381, 's': 'BTCUSDT', 'a': 236736217, 'p': '9022.91000000', 'q': '0.00300100', 'f': 258637374, 'l': 258637374, 'T': 1583600411380, 'm': False, 'M': True}",07/03/2020 20:00:11
CryptoCoin,Price,Date
BitCoin,"{'e': 'aggTrade', 'E': 1583600411415, 's': 'BTCUSDT', 'a': 236736218, 'p': '9022.91000000', 'q': '0.21646000', 'f': 258637375, 'l': 258637375, 'T': 1583600411414, 'm': False, 'M': True}",07/03/2020 20:00:11
CryptoCoin,Price,Date
BitCoin,"{'e': 'aggTrade', 'E': 1583600411426, 's': 'BTCUSDT', 'a': 236736219, 'p': '9022.91000000', 'q': '0.00000500', 'f': 258637376, 'l': 258637376, 'T': 1583600411424, 'm': False, 'M': True}",07/03/2020 20:00:11
CryptoCoin,Price,Date
BitCoin,"{'e': 'aggTrade', 'E': 1583600411438, 's': 'BTCUSDT', 'a': 236736220, 'p': '9023.22000000', 'q': '0.06006100', 'f': 258637377, 'l': 258637377, 'T': 1583600411436, 'm': False, 'M': True}",07/03/2020 20:00:11
CryptoCoin,Price,Date
BitCoin,"{'e': 'aggTrade', 'E': 1583600411587, 's': 'BTCUSDT', 'a': 236736221, 'p': '9022.15000000', 'q': '0.13348300', 'f': 258637378, 'l': 258637378, 'T': 1583600411586, 'm': True, 'M': True}",07/03/2020 20:00:11
CryptoCoin,Price,Date
BitCoin,"{'e': 'aggTrade', 'E': 1583600411606, 's': 'BTCUSDT', 'a': 236736222, 'p': '9023.22000000', 'q': '0.00291000', 'f': 258637379, 'l': 258637379, 'T': 1583600411605, 'm': False, 'M': True}",07/03/2020 20:00:11
CryptoCoin,Price,Date
BitCoin,"{'e': 'aggTrade', 'E': 1583600411606, 's': 'BTCUSDT', 'a': 236736223, 'p': '9026.09000000', 'q': '0.05726200', 'f': 258637380, 'l': 258637380, 'T': 1583600411605, 'm': False, 'M': True}",07/03/2020 20:00:11
CryptoCoin,Price,Date
BitCoin,"{'e': 'aggTrade', 'E': 1583600411641, 's': 'BTCUSDT', 'a': 236736224, 'p': '9025.83000000', 'q': '0.00290800', 'f': 258637381, 'l': 258637381, 'T': 1583600411640, 'm': False, 'M': True}",07/03/2020 20:00:11
CryptoCoin,Price,Date
BitCoin,"{'e': 'aggTrade', 'E': 1583600411647, 's': 'BTCUSDT', 'a': 236736225, 'p': '9025.83000000', 'q': '0.00290800', 'f': 258637382, 'l': 258637382, 'T': 1583600411646, 'm': False, 'M': True}",07/03/2020 20:00:11
CryptoCoin,Price,Date
BitCoin,"{'e': 'aggTrade', 'E': 1583600411693, 's': 'BTCUSDT', 'a': 236736226, 'p': '9022.49000000', 'q': '0.09054800', 'f': 258637383, 'l': 258637383, 'T': 1583600411692, 'm': True, 'M': True}",07/03/2020 20:00:11
CryptoCoin,Price,Date
BitCoin,"{'e': 'aggTrade', 'E': 1583600411693, 's': 'BTCUSDT', 'a': 236736227, 'p': '9022.41000000', 'q': '0.35763800', 'f': 258637384, 'l': 258637384, 'T': 1583600411692, 'm': True, 'M': True}",07/03/2020 20:00:11
CryptoCoin,Price,Date
BitCoin,"{'e': 'aggTrade', 'E': 1583600411693, 's': 'BTCUSDT', 'a': 236736228, 'p': '9022.40000000', 'q': '0.09053800', 'f': 258637385, 'l': 258637385, 'T': 1583600411692, 'm': True, 'M': True}",07/03/2020 20:00:11
CryptoCoin,Price,Date
BitCoin,"{'e': 'aggTrade', 'E': 1583600411693, 's': 'BTCUSDT', 'a': 236736229, 'p': '9022.37000000', 'q': '1.46127600', 'f': 258637386, 'l': 258637386, 'T': 1583600411692, 'm': True, 'M': True}",07/03/2020 20:00:11
CryptoCoin,Price,Date
BitCoin,"{'e': 'aggTrade', 'E': 1583600411775, 's': 'BTCUSDT', 'a': 236736230, 'p': '9025.58000000', 'q': '0.06006600', 'f': 258637387, 'l': 258637387, 'T': 1583600411773, 'm': False, 'M': True}",07/03/2020 20:00:11
CryptoCoin,Price,Date
BitCoin,"{'e': 'aggTrade', 'E': 1583600411906, 's': 'BTCUSDT', 'a': 236736231, 'p': '9022.84000000', 'q': '0.05514100', 'f': 258637388, 'l': 258637388, 'T': 1583600411905, 'm': True, 'M': True}",07/03/2020 20:00:11
CryptoCoin,Price,Date
BitCoin,"{'e': 'aggTrade', 'E': 1583600411954, 's': 'BTCUSDT', 'a': 236736232, 'p': '9025.33000000', 'q': '0.06095000', 'f': 258637389, 'l': 258637389, 'T': 1583600411951, 'm': False, 'M': True}",07/03/2020 20:00:11
CryptoCoin,Price,Date
BitCoin,"{'e': 'aggTrade', 'E': 1583600411985, 's': 'BTCUSDT', 'a': 236736233, 'p': '9022.85000000', 'q': '0.00221500', 'f': 258637390, 'l': 258637390, 'T': 1583600411984, 'm': True, 'M': True}",07/03/2020 20:00:11
CryptoCoin,Price,Date
BitCoin,"{'e': 'aggTrade', 'E': 1583600411985, 's': 'BTCUSDT', 'a': 236736234, 'p': '9022.84000000', 'q': '0.00578400', 'f': 258637391, 'l': 258637391, 'T': 1583600411984, 'm': True, 'M': True}",07/03/2020 20:00:11
CryptoCoin,Price,Date
BitCoin,"{'e': 'aggTrade', 'E': 1583600411985, 's': 'BTCUSDT', 'a': 236736235, 'p': '9020.82000000', 'q': '0.00400100', 'f': 258637392, 'l': 258637392, 'T': 1583600411984, 'm': True, 'M': True}",07/03/2020 20:00:11
CryptoCoin,Price,Date
BitCoin,"{'e': 'aggTrade', 'E': 1583600412000, 's': 'BTCUSDT', 'a': 236736236, 'p': '9022.22000000', 'q': '0.00221500', 'f': 258637393, 'l': 258637393, 'T': 1583600411999, 'm': True, 'M': True}",07/03/2020 20:00:11
